% In this file, only include the long journal names. It must be used in conjunction with the full bibtex file.

@STRING(AAAS = "American Association for the Advancement of Science")

@STRING(AAPT = "American Association of Physics Teachers")

@STRING(ACM = "Association for Computing Machinery")

@STRING(ACMComputSurv = "ACM Computing Surveys")

@STRING(ACMSIGARCH = "ACM SIGARCH Computer Architecture News")

@STRING(ACMSIGCOMMCompCom = "ACM SIGCOMM Computer Communication Review")

@STRING(ACMTransGraph = "ACM Transactions on Graphics")

@STRING(ACMTArchitCodeOp = "ACM Transactions on Architecture and Code Optimization")

@STRING(ACMTParComp = "ACM Transactions on Parallel Computing")

@STRING(ActaMathApplSin = "Acta Mathematicae Applicatae Sinica")

@STRING(AdHocNetw = "Ad Hoc Networks")

@STRING(AdvStudBehav = "Advances in the Study of Behavior")

@STRING(AmAntiquity = "American Antiquity")

@STRING(AmJPhys = "American Journal of Physics")

@STRING(AmJPsychol = "American Journal of Psychology")

@STRING(AnnBiomedEng = "Annals of Biomedical Engineering")

@STRING(AnnuRevBiomedEng = "Annual Review of Biomedical Engineering")

@STRING(AnnuRevBiophys = "Annual Review of Biophysics")

@STRING(APS = "American Physical Society")

@STRING(ArtifIntell = "Artificial Intelligence")

@STRING(BellSystTechJ = "Bell System Technical Journal")

@STRING(BiochimBiophysActa = "Biochimica et Biophysica Acta")

@STRING(BiolRev = "Biological Reviews")

@STRING(BiomedEngOnline = "Biomedical Engineering Online")

@STRING(BiophysJ = "Biophysical Journal")

@STRING(BMCMedEduc = "BMC Medical Education")

@STRING(CanJPhys = "Canadian Journal of Physics")

@STRING(CancerRes = "Cancer Research")

@STRING(ChaosSolitonFract = "Chaos, Solitons \& Fractals")

@STRING(ChemCommun = "Chemical Communications") 

@STRING(ChemPhysLett = "Chemical Physics Letters")

@STRING(ChemRev = "Chemical Reviews")

@STRING(ChinaCommun = "China Communications") 

@STRING(CLEIej = "CLEI Electronic Journal")

@STRING(ClinCancerRes = "Clinical Cancer Research")

@STRING(CommunACM = "Communications of the ACM")

@STRING(Computer = "Computer ")

@STRING(ComputCommun = "Computer Communications")

@STRING(ComputFluids = "Computers \& fluids")

@STRING(ComputMethProgBio = "Computer Methods and Programs in Biomedicine")

@STRING(ComputMusicJ = "Computer Music Journal")

@STRING(ComputNetw = "Computer Networks")

@STRING(ComputNetworksISDN = "Computer Networks and ISDN Systems")

@STRING(ComputPhysCommun = "Computer Physics Communications")

@STRING(ComputSciEng = "Computing in science \& engineering")

@STRING(Conf = "Conference ")

@STRING(CurrOpinEnvSust = "Current Opinion in Environmental Sustainability")

@STRING(DigitSignalProcess = "Digital Signal Processing")

@STRING(ElectrochimActa = "Electrochimica Acta")

@STRING(EnergConversManage = "Energy Conversion And Management")

@STRING(ETNA = "Electronic Transactions on Numerical Analysis")

@STRING(EurJOperRes = "European Journal of Operational Research")

@STRING(EvolHumBehav = "Evolution and Human Behavior")

@STRING(FGCS = "Future Generation Computer Systems")

@STRING(FrontChem = "Frontiers in Chemistry")

@STRING(FrontNeurosci = "Frontiers in Neuroscience")

@STRING(IEEE = "Institute of Electrical and Electronics Engineers, Inc")

@STRING(IEEEACMTNetwork = "EEE-ACM TRANSACTIONS ON NETWORKING")

@STRING(IEEECommMag = "IEEE Communications Magazine")

@STRING(IEEECommSurv = "IEEE Communications Surveys and Tutorials")

@STRING(IEEEComp = "IEEE Computer")

@STRING(IEEECompArchitL = "IEEE Computer Architecture Letters")

@STRING(IEEEElectrInsulM = "IEEE Electrical Insulation Magazine")

@STRING(IEEEInternetThingsJ = "IEEE Internet of Things Journal")

@STRING(IEEEJornSelAreaComm = "IEEE Journal on Selected Areas in Communications")

@STRING(IEEEJSolidStCirc = "IEEE Journal of Solid-State Circuits")

@STRING(IEEEPersCommun = "IEEE Personal Communications")

@STRING(IEEESensors = "IEEE Sensors Journal")

@STRING(IEEESignalProcMag = "IEEE Signal Processing Magazine")

@STRING(IEEETransBioMedEng = "IEEE Transactions on Biomedical Engineering")

@STRING(IEEETransCircuitsSyst = "IEEE Transactions on Circuits and Systems for Video Technology")

@STRING(IEEETransCommun = "IEEE Transactions on Communications")

@STRING(IEEETransComput = "IEEE Transactions on Computers")

@STRING(IEEETransComputAid = "IEEE Transactions on Computer-Aided Design of Integrated Circuits and Systems")

@STRING(IEEETransDielectElIn = "IEEE Transactions on Dielectrics and Electrical Insulation")

@STRING(IEEETransEduc = "IEEE Transactions on Education")

@STRING(IEEETransEngManage = "IEEE Transactions on Engineering Management")

@STRING(IEEETransInformTheory = "IEEE Transactions on Information Theory")

@STRING(IEEETransParallelDistribSyst = "IEEE Transactions on Parallel and Distributed Systems")

@STRING(IEEETransPlasmaSci = "IEEE Transactions on Plasma Science")

@STRING(IEEETransSmartGrid = "IEEE Transactions on Smart Grid")

@STRING(IEEETransSoftwareEng = "IEEE Transactions on Software Engineering") 

@STRING(IEEETransSystManCyb = "IEEE Transactions on Systems, Man, and Cybernetics")

@STRING(IEEEWirelCommun = "IEEE Wireless Communications")

@STRING(IEEEWirelCommunLe = "IEEE Wireless Communications Letters")

@STRING(InformSciences = "Information Sciences")

@STRING(InformSystFront = "Information Systems Frontiers")

@STRING(IntJHighPerformC = "International Journal Of High Performance Computing Applications")

@STRING(InorgChem = "Inorganic Chemistry")

@STRING(Int = "International ")

@STRING(IntegrBiol = "Integrative Biology")

@STRING(IntJAdHocUbiqCo = "International Journal of Ad Hoc and Ubiquitous Computing")

@STRING(IntJApproxReason = "International Journal of Approximate Reasoning")

@STRING(IntJCompApp = "International Journal of Computer Applications")

@STRING(IntJHighPerformComputAppl = "International Journal of High Performance Computing Applications")

@STRING(IntJParallelProg = "International Journal of Parallel Programming")

@STRING(JAmChemSoc = "Journal of the American Chemical Society")

@STRING(JApplStat = "Journal of Applied Statistics")

@STRING(JAudioEngSoc = "Journal of the Audio Engineering Society")

@STRING(JBiomechEng = "Journal of Biomechanical Engineering")

@STRING(JChemPhys = "Journal of Chemical Physics")

@STRING(JChemTheoCompt = "Journal of Chemical Theory and Computation")

@STRING(JCommun = "Journal of Communication")

@STRING(JComputChem = "Journal of Computational Chemistry")

@STRING(JCompPhys = "Journal of Computational Physics")

@STRING(JComputSciTechnol = "Journal of Computer Science and Technology")

@STRING(JComputSystSci = "Journal of Computer and System Sciences")

@STRING(JElectrochemSoc = "Journal of the Electrochemistry Society")

@STRING(JFluidMech = "Journal of Fluid Mechanics")

@STRING(JFoodEng = "Journal of Food Engineering")

@STRING(JGridComput="Journal of Grid Computing")

@STRING(JHeuristics = "Journal of Heuristics")

@STRING(JIndInfIntegr = "Journal of Industrial Information Integration")

@STRING(JLowPowerElectronAppl ="Journal of Low Power Electronics and Applications")

@STRING(JMachLearnRes = "Journal of Machine Learning Research")

@STRING(JMembraneBiol = "Journal of Membrane Biology")

@STRING(JMolGraphics = "Journal of Molecular Graphics")

@STRING(JNetwComputAppl = "Journal of Network and Computer Applications")

@STRING(JParDistrComp = "Journal of Parallel and Distributed Computing")

@STRING(JPhysChemA = "Journal of Physical Chemistry A")

@STRING(JPhysChemB = "Journal of Physical Chemistry B")

@STRING(JPhysSocJpn = "Journal of the Physical Society of Japan")

@STRING(JRoySocInterface = "Journal of the Royal Society Interface")

@STRING(JRoyStatSocCApp = "Journal of the Royal Statistical Society Series C-Applied Statistics")

@STRING(JStatMechTheoryE = "Journal of Statistical Mechanics-Theory and Experiment")

@STRING(JStatPhys = "Journal of Statistical Physics")

@STRING(JSupercomput = "Journal of Supercomputing")

@STRING(LectNotesComputSci = "Lecture Notes in Computer Science")

@STRING(MDPI = "Multidisciplinary Digial Publishing Institute")

@STRING(MicroelectronJ = "Microelectronics Journal")

@STRING(MicroprocessMicrosy = "Microprocessors and Microsystems")

@STRING(MolBiotechnol = "Molecular Biotechnology")

@STRING(MolPhys = "Molecular Physics")

@STRING(NAS = "National Academy of Sciences")

@STRING(NatCellBiol = "Nature Cell Biology")

@STRING(NatChem = "Nature Chemistry")

@STRING(NatComm = "Nature Communications")

@STRING(NatHumBehav = "Nature Human Behavior")

@STRING(NatPho = "Nature Photonics")

@STRING(NPG = "Nature Publishing Group")

@STRING(ParallelComput = "Parallel Computing")

@STRING(PatternRecogn = "Pattern Recognition")

@STRING(PIEEE = "Proceedings of the IEEE")

@STRING(PPNA = "Peer-To-Peer Networking and Applications")

@STRING(PhilosTRSocA = "Philosophical Transactions of the Royal Society of London Series A-Mathematical Physical and Engineering Sciences")

@STRING(PhilosTRSocB = "Philosophical Transactions of the Royal Society B-Biological Sciences")

@STRING(PhysicaA = "Physica A: Statistical Mechanics and its Applications")

@STRING(PhysicaD = "Physica D Nonlinear Phenomena")

@STRING(PhysChemChemPhys ="Physical Chemistry Chemical Physics")

@STRING(PhysRev = "Physical Review")

@STRING(PhysRevA = "Physical Review A")

@STRING(PhysRevB = "Physical Review B")

@STRING(PhysRevE = "Physical Review E")

@STRING(PhysRevLett = "Physical Review Letters")

@STRING(PNAS = "Proceedings of the National Academy of Sciences of the United States of America")

@STRING(Proc = "Proceedings ")

@STRING(ProcediaComputSci = "Procedia Computer Science")

@STRING(PsychonSci = "Psychonomic Science")

@STRING(RenewEnerg = "Renewable Energy")

@STRING(RenewSustEnergRev = "Renewable & Sustainable Energy Reviews")

@STRING(RepProgPhys = "Reports on Progress in Physics")

@STRING(RevModPhys = "Reviews of Modern Physics")

@STRING(SciRep = "Scientific Reports")

@STRING(SimulModelPractTh = "Simulation Modelling Practice and Theory")

@STRING(SimulTSocModSim = "Simulation: Transactions of the Society for Modeling and Simulation International")

@STRING(Springer = "Springer")

@STRING(SpringerInt = "Springer International Publishing")

@STRING(SpringerNY = "Springer New York, NY"),

@STRING(SpringerVerlag = "Springer-Verlag"),

@STRING(SocNetworks = "Social Networks")

@STRING(SoftwPractExp = "Software: Practice \& Experience")

@STRING(Symp = "Symposium ")

@STRING(TrendsBiotechnol = "Trends in Biotechnology")

@STRING(TrendsCognSci = "Trends in Cognitive Sciences")

@STRING(WirelessNet= "Wireless Networks")
